@book{evans2006invisible,
  title={Invisible engines: how software platforms drive innovation and transform industries},
  author={Evans, David Sparks and Hagiu, Andrei and Schmalensee, Richard},
  year={2006},
  publisher={MIT Press Cambridge, MA}
}
@book{ultimate,
title={The Ultimate History of Video Games: from Pong to Pokemon and beyond... the story behind the craze that touched our lives and changed the world},
author={Kent, Steven},
year={2010},
publisher={Three Rivers Press}
}
@article{atarii,
	title={Atari VCS 2600},
	author={Thomasson, Michael},
	journal={Encyclopedia of Video Games: The Culture, Technology, and Art of Gaming},
	pages={52},
	publisher={ABC-CLIO}
}